<record><leader>00000cas a22000007a 4500</leader><controlfield tag="001">46450537</controlfield><controlfield tag="008">010314c19959999vauwr n       0    0eng d</controlfield><datafield ind1=" " ind2=" " tag="010"><subfield code="a">sn2001062404</subfield></datafield><datafield ind1=" " ind2=" " tag="040"><subfield code="a">NVK</subfield><subfield code="b">eng</subfield><subfield code="c">NVK</subfield><subfield code="d">OCLCQ</subfield><subfield code="d">OCLCF</subfield><subfield code="d">OCLCO</subfield></datafield><datafield ind1="1" ind2=" " tag="029"><subfield code="a">AU@</subfield><subfield code="b">000022553199</subfield></datafield><datafield ind1=" " ind2=" " tag="042"><subfield code="a">msc</subfield></datafield><datafield ind1=" " ind2=" " tag="043"><subfield code="a">n-us-va</subfield></datafield><datafield ind1="0" ind2=" " tag="130"><subfield code="a">Saltville progress (1995)</subfield></datafield><datafield ind1="1" ind2="0" tag="245"><subfield code="a">Saltville progress.</subfield></datafield><datafield ind1=" " ind2=" " tag="260"><subfield code="a">Saltville, Va. :</subfield><subfield code="b">Saltville Pub. Co.,</subfield><subfield code="c">1995-</subfield></datafield><datafield ind1=" " ind2=" " tag="300"><subfield code="a">v.</subfield></datafield><datafield ind1=" " ind2=" " tag="310"><subfield code="a">Weekly</subfield></datafield><datafield ind1="1" ind2=" " tag="362"><subfield code="a">Began in 1995.</subfield></datafield><datafield ind1=" " ind2=" " tag="500"><subfield code="a">Separated from: Smyth County news &amp; messenger.</subfield></datafield><datafield ind1=" " ind2=" " tag="500"><subfield code="a">"Where there is no vision the people perish."</subfield></datafield><datafield ind1=" " ind2=" " tag="588"><subfield code="a">Description based on: Vol. 43, no. 8 (Feb. 22, 2001).</subfield></datafield><datafield ind1=" " ind2="0" tag="651"><subfield code="a">Smyth County (Va.)</subfield><subfield code="v">Newspapers.</subfield></datafield><datafield ind1=" " ind2="0" tag="651"><subfield code="a">Saltville (Va.)</subfield><subfield code="v">Newspapers.</subfield></datafield><datafield ind1=" " ind2="7" tag="655"><subfield code="a">Newspapers.</subfield><subfield code="2">fast</subfield><subfield code="0">(OCoLC)fst01423814</subfield></datafield><datafield ind1=" " ind2="7" tag="651"><subfield code="a">Virginia</subfield><subfield code="z">Saltville.</subfield><subfield code="2">fast</subfield><subfield code="0">(OCoLC)fst01224800</subfield></datafield><datafield ind1=" " ind2="7" tag="651"><subfield code="a">Virginia</subfield><subfield code="z">Smyth County.</subfield><subfield code="2">fast</subfield><subfield code="0">(OCoLC)fst01228071</subfield></datafield><datafield ind1=" " ind2=" " tag="752"><subfield code="a">United States</subfield><subfield code="b">Virginia</subfield><subfield code="c">Smyth</subfield><subfield code="d">Saltville.</subfield></datafield><datafield ind1="0" ind2="7" tag="780"><subfield code="t">Smyth County news and messenger</subfield><subfield code="w">(DLC)sn 95005517</subfield></datafield></record>